@article{local:felleisen-TCS1992,
 author = {Felleisen, Matthias and Hieb, Robert},
 title = {The Revised Report on the Syntactic Theories of Sequential Control and State},
 journal = {Theor. Comput. Sci.},
 issue_date = {14 Sept. 1992},
 x-volume = {103},
 x-number = {2},
 month = sep,
 year = {1992},
 x-issn = {0304-3975},
 xpages = {235--271},
 numpages = {37},
 x-url = {http://dx.doi.org/10.1016/0304-3975(92)90014-7},
 x-doi = {10.1016/0304-3975(92)90014-7},
 acmid = {136297},
 publisher = {Elsevier Science Publishers Ltd.},
 x-address = {Essex, UK},
} 

@article{local:rompf-arxiv2015,
  author    = {Tiark Rompf and
               Nada Amin},
  title     = {From {F} to {DOT:} Type Soundness Proofs with Definitional Interpreters},
  journal   = {CoRR},
  x-volume    = {abs/1510.05216},
  year      = {2015},
  x-url       = {http://arxiv.org/abs/1510.05216},
  timestamp = {Sun, 01 Nov 2015 17:30:45 +0100},
  biburl    = {http://dblp.uni-trier.de/rec/bib/journals/corr/RompfA15},
  bibsource = {dblp computer science bibliography, http://dblp.org}
}

@inproceedings{local:might-popl07,
 author = {Might, Matthew},
 title = {Logic-flow Analysis of Higher-order Programs},
 booktitle = {Proceedings of the 34th Annual ACM SIGPLAN-SIGACT Symposium on Principles of Programming Languages},
 series = {POPL '07},
 year = {2007},
 x-isbn = {1-59593-575-4},
 location = {Nice, France},
 xpages = {185--198},
 numpages = {14},
 x-url = {http://doi.acm.org/10.1145/1190216.1190247},
 x-doi = {10.1145/1190216.1190247},
 acmid = {1190247},
 publisher = {ACM},
 x-address = {New York, NY, USA},
 keywords = {CPS, LFA, abstract counting, abstract garbage collection, environment analysis, gamma-CFA first-order logic, lambda calculus, logic-flow analysis, static analysis, theorem proving},
} 


@Incollection{local:gluck-schmidtfest13,
  author    = "Gl\"uck, Robert",
  year      = "2013",
  title     = "Simulation of Two-Way Pushdown Automata Revisited",
  editor    = "Banerjee, Anindya and Danvy, Olivier and Doh, Kyung-Goo and Hatcliff, John",
  booktitle = "Semantics, Abstract Interpretation, and Reasoning about Programs: Essays Dedicated to David A. Schmidt on the Occasion of his Sixtieth Birthday,
               {\rm Manhattan, Kansas, USA, 19-20th September 2013}",
  series    = "Electronic Proceedings in Theoretical Computer Science",
  x-volume    = "129",
  publisher = "Open Publishing Association",
  xpages     = "250-258",
  x-doi       = "10.4204/EPTCS.129.15",
}

@inproceedings{local:darais-oopsla2015,
 author = {Darais, David and Might, Matthew and Van Horn, David},
 title = {Galois Transformers and Modular Abstract Interpreters: Reusable Metatheory for Program Analysis},
 booktitle = {Proceedings of the 2015 ACM SIGPLAN International Conference on Object-Oriented Programming, Systems, Languages, and Applications},
 series = {OOPSLA 2015},
 year = {2015},
 x-isbn = {978-1-4503-3689-5},
 location = {Pittsburgh, PA, USA},
 xpages = {552--571},
 numpages = {20},
 x-url = {http://doi.acm.org/10.1145/2814270.2814308},
 x-doi = {10.1145/2814270.2814308},
 acmid = {2814308},
 publisher = {ACM},
 x-address = {New York, NY, USA},
 keywords = {Galois connections, abstract interpretation, monads, program analysis},
} 

@inproceedings{local:steele-popl94,
 author = {Steele,Jr., Guy L.},
 title = {Building Interpreters by Composing Monads},
 booktitle = {Proceedings of the 21st ACM SIGPLAN-SIGACT Symposium on Principles of Programming Languages},
 series = {POPL '94},
 year = {1994},
 x-isbn = {0-89791-636-0},
 location = {Portland, Oregon, USA},
 xpages = {472--492},
 numpages = {21},
 x-url = {http://doi.acm.org/10.1145/174675.178068},
 x-doi = {10.1145/174675.178068},
 acmid = {178068},
 publisher = {ACM},
 x-address = {New York, NY, USA},
} 

@inproceedings{local:p4f,
 author = {Gilray, Thomas and Lyde, Steven and Adams, Michael D. and Might, Matthew and Van Horn, David},
 title = {Pushdown Control-flow Analysis for Free},
 booktitle = {Proceedings of the 43rd Annual ACM SIGPLAN-SIGACT Symposium on Principles of Programming Languages},
 series = {POPL '16},
 year = {2016},
 x-isbn = {978-1-4503-3549-2},
 location = {St. Petersburg, FL, USA},
 xpages = {691--704},
 numpages = {14},
 x-url = {http://doi.acm.org/10.1145/2837614.2837631},
 x-doi = {10.1145/2837614.2837631},
 acmid = {2837631},
 publisher = {ACM},
 x-address = {New York, NY, USA},
 keywords = {Abstract interpretation, Control-flow analysis, Pushdown analysis, Static analysis, Store-allocated continuations},
}

@inproceedings{local:flatt-pldi98,
 author = {Flatt, Matthew and Felleisen, Matthias},
 title = {Units: Cool Modules for HOT Languages},
 booktitle = {Proceedings of the ACM SIGPLAN 1998 Conference on Programming Language Design and Implementation},
 series = {PLDI '98},
 year = {1998},
 x-isbn = {0-89791-987-4},
 location = {Montreal, Quebec, Canada},
 xpages = {236--248},
 numpages = {13},
 x-url = {http://doi.acm.org/10.1145/277650.277730},
 x-doi = {10.1145/277650.277730},
 acmid = {277730},
 publisher = {ACM},
 x-address = {New York, NY, USA},
} 

@phdthesis{local:vardoulakis-diss12,
  author = {Dimitrios Vardoulakis},
  title = {{CFA2: Pushdown Flow Analysis for Higher-Order Languages}},
  school = {Northeastern University},
  year = {2012}
}

@other{local:cousot-bib,
  author = {Patrick Cousot},
  title = {Abstract Interpretation},
  x-url = {http://www.di.ens.fr/~cousot/AI/}
  }

@inproceedings{local:rtac,
  author    = {Gregory Malecha and
               Jesper Bengtson},
  title     = {Extensible and Efficient Automation Through Reflective Tactics},
  booktitle = {Programming Languages and Systems - 25th European Symposium on Programming},
  series    = {ESOP 2016},
  x-pages     = {532--559},
  year      = {2016},
  x-url       = {http://dx.doi.org/10.1007/978-3-662-49498-1_21},
  x-doi       = {10.1007/978-3-662-49498-1_21},
  timestamp = {Tue, 22 Mar 2016 15:54:03 +0100},
  biburl    = {http://dblp2.uni-trier.de/rec/bib/conf/esop/MalechaB16},
  bibsource = {dblp computer science bibliography, http://dblp.org},
  publisher = {Springer}
}

@inproceedings{local:fiat,
  author = {Delaware, Benjamin and Pit-Claudel, Cl{\'e}ment and Gross, Jason and Chlipala, Adam},
  title = {Fiat: Deductive Synthesis of Abstract Data Types in a Proof Assistant},
  booktitle = {Proceedings of the 42Nd Annual ACM SIGPLAN-SIGACT Symposium on Principles of Programming Languages},
  series = {POPL 2015},
  year = {2015},
  x-isbn = {978-1-4503-3300-9},
  x-location = {Mumbai, India},
  xpages = {689--700},
  numpages = {12},
  x-url = {http://doi.acm.org/10.1145/2676726.2677006},
  x-doi = {10.1145/2676726.2677006},
  acmid = {2677006},
  publisher = {ACM},
  x-address = {New York, NY, USA},
  keywords = {deductive synthesis, mechanized derivation of abstract data types},
} 

@inproceedings{local:garcia:2016:agt,
  author    = {Ronald Garcia and Clark, Alison M. and {\'E}ric Tanter},
  title     = {Abstracting Gradual Typing},
  users     = {etanter},
  x-urlpdf    = {http://pleiad.dcc.uchile.cl/papers/2016/garciaAl-popl2016.pdf},
  key       = {POPL 2016},
  booktitle = {Proceedings of the 43rd {ACM SIGPLAN-SIGACT} Symposium on Principles of Programming Languages (POPL 2016)},
  year      = 2016,
  address   = {St Petersburg, FL, USA},
  month     = jan,
  publisher = {ACM Press},
  note      = {To appear},
}
@incollection{local:besson:2009:certified-sa-by-ai,
year={2009},
x-isbn={978-3-642-03828-0},
booktitle={Foundations of Security Analysis and Design V},
volume={5705},
series={Lecture Notes in Computer Science},
editor={Aldini, Alessandro and Barthe, Gilles and Gorrieri, Roberto},
x-doi={10.1007/978-3-642-03829-7_8},
title={Certified Static Analysis by Abstract Interpretation},
x-url={http://dx.doi.org/10.1007/978-3-642-03829-7_8},
publisher={Springer Berlin Heidelberg},
author={Besson, Frédéric and Cachera, David and Jensen, Thomas and Pichardie, David},
pages={223-257},
language={English}
}
@phdthesis{local:pichardie:2005:phd-thesis,
  author = {David Pichardie},
  title = {Interpr\'etation abstraite en logique intuitionniste: 
                  extraction d'analyseurs {J}ava certifi\'es},
  school = {Universit\'e Rennes},
  year = {2005},
  pdf = {papers/these-pichardie.pdf},
}
@mastersthesis{local:monniaux:1998:ms-thesis,
  author = {David Monniaux},
  title = {R\'ealisation m\'ecanis\'ee d'interpr\'eteurs abstraits},
  school = {Universit\'e Paris VII},
  year = 1998,
  type = {Rapport de {DEA}},
  note = {French},
  dvi = {http://www-verimag.imag.fr/~monniaux/biblio/David_Monniaux_3.dvi.gz},
  pdf = {http://www-verimag.imag.fr/~monniaux/biblio/David_Monniaux_3.pdf}
}

@book{local:algebra-of-programming,
  author = {Richard Bird and Oege de Moor},
  title = {The Algebra of Programming},
  publisher = {Prentice Hall},
  year = {1996}
}

@article{local:DBLP:journals/corr/DaraisMH14,
  author    = {David Darais and
               Matthew Might and
               David {Van Horn}},
  title     = {Galois Transformers and Modular Abstract Interpreters},
  journal   = {CoRR},
  x-volume    = {abs/1411.3962},
  year      = {2014},
  x-url       = {http://arxiv.org/abs/1411.3962},
  timestamp = {Mon, 01 Dec 2014 14:32:13 +0100},
  biburl    = {http://dblp.uni-trier.de/rec/bib/journals/corr/DaraisMH14},
  bibsource = {dblp computer science bibliography, http://dblp.org}
}

@misc{local:cousot-mit,
  author = {Patrick Cousot},
  year = {2005},
  title = {{MIT} 16.399: Abstract Interpretation},
}

@phdthesis{local:norell:thesis,
  author = {Ulf Norell},
  title  = {Towards a practical programming language based on dependent type theory},
  school = {Department of Computer Science and Engineering, Chalmers University of Technology},
  year   = 2007,
  month = {September},
  x-address = {SE-412 96 G\"{o}teborg, Sweden}
}

@inbook{local:CousotCousot04-WCC,
   author =    {Cousot, P{.} and Cousot, R{.}},
   title =     {Basic Concepts of Abstract Interpretation},
   booktitle = {Building the Information Society},
   xpages =     {359--366},
   editor =    {Jacquard, R{.}},
   publisher = {Kluwer Academic Publishers},
   year =      2004,
}

@incollection{local:Bird90:Calculus,
  title = "A Calculus of Functions for Program Derivation",
  author = "Richard S. Bird",
  year = "1990",
  booktitle = "Research Topics in Functional Programming",
  editor = "David A. Turner",
  note = "Also available as Technical Monograph PRG-64, from the Programming Research Group, Oxford University",
  organization = "University of Texas at Austin",
  publisher = "Addison-Wesley",
}

@book{local:lof,
  author = {Per Martin-L\"of},
  title = {Intuitionistic Type Theory},
  publisher = {Bibliopolis},
  year = {1984}
}

@inproceedings{Darais:2015:GTM:2814270.2814308,
 author = {Darais, David and Might, Matthew and {Van Horn}, David},
 title = {Galois Transformers and Modular Abstract Interpreters},
 booktitle = {Proceedings of the 2015 ACM SIGPLAN International Conference on Object-Oriented Programming, Systems, Languages, and Applications},
 series = {OOPSLA 2015},
 year = {2015},
 x-isbn = {978-1-4503-3689-5},
 location = {Pittsburgh, PA, USA},
 xpages = {552--571},
 numpages = {20},
 x-url = {http://doi.acm.org/10.1145/2814270.2814308},
 x-doi = {10.1145/2814270.2814308},
 acmid = {2814308},
 publisher = {ACM},
 x-address = {New York, NY, USA},
 keywords = {Galois connections, abstract interpretation, monads, program analysis},
}

@inproceedings{local:bol1993tabulated,
  title={Tabulated Resolution for Well Founded Semantics.},
  author={Bol, Roland N and Degerstedt, Lars},
  booktitle={ILPS},
  pages={199--219},
  year={1993},
  organization={Citeseer}
}

@article{local:chen1996tabled,
  title={Tabled evaluation with delaying for general logic programs},
  author={Chen, Weidong and Warren, David S},
  journal={Journal of the ACM (JACM)},
  volume={43},
  number={1},
  pages={20--74},
  year={1996},
  publisher={ACM}
}

@inproceedings{local:tamaki1986old,
  title={OLD resolution with tabulation},
  author={Tamaki, Hisao and Sato, Taisuke},
  booktitle={International Conference on Logic Programming},
  pages={84--98},
  year={1986},
  organization={Springer}
}

@article{local:swift2012xsb,
  title={XSB: Extending Prolog with tabled logic programming},
  author={Swift, Terrance and Warren, David S},
  journal={Theory and Practice of Logic Programming},
  volume={12},
  number={1-2},
  pages={157--187},
  year={2012},
  publisher={Cambridge Univ Press}
}

@inproceedings{local:dawson1996practical,
 author = {Dawson, Steven and Ramakrishnan, C. R. and Warren, David S.},
  title = {Practical Program Analysis Using General Purpose Logic Programming Systems---a Case Study},
   booktitle = {Proceedings of the ACM SIGPLAN 1996 Conference on Programming Language Design and Implementation},
    series = {PLDI '96},
     year = {1996},
      isbn = {0-89791-795-2},
       location = {Philadelphia, Pennsylvania, USA},
        pages = {117--126},
	 numpages = {10},
	  url = {http://doi.acm.org/10.1145/231379.231399},
	   doi = {10.1145/231379.231399},
	    acmid = {231399},
	     publisher = {ACM},
	      address = {New York, NY, USA},
	      }
	      

@inproceedings{local:janssens1998use,
  title={On the Use of Tabling for Abstract Interpretation: An Experiment with Abstract Equation Systems.},
  author={Janssens, Gerda and Sagonas, Konstantinos F},
  booktitle={TAPD},
  pages={118--126},
  year={1998},
  organization={Citeseer}
}

@inproceedings{local:hinze2000deriving,
  title={Deriving backtracking monad transformers},
  author={Hinze, Ralf},
  booktitle={ACM SIGPLAN Notices},
  volume={35},
  number={9},
  pages={186--197},
  year={2000},
  organization={ACM}
}

@article{local:kiselyov2005backtracking,
  title={Backtracking, interleaving, and terminating monad transformers:(functional pearl)},
  author={Kiselyov, Oleg and Shan, Chung-chieh and Friedman, Daniel P and Sabry, Amr},
  journal={ACM SIGPLAN Notices},
  volume={40},
  number={9},
  pages={192--203},
  year={2005},
  publisher={ACM}
}

@article{local:fischer2011purely,
  title={Purely functional lazy nondeterministic programming},
  author={Fischer, Sebastian and Kiselyov, Oleg and Shan, Chung-chieh},
  journal={Journal of Functional Programming},
  volume={21},
  number={4-5},
  pages={413--465},
  year={2011},
  publisher={Cambridge Univ Press}
}

@inproceedings{local:ploeg2014reflection,
  title={Reflection without remorse: revealing a hidden sequence to speed up monadic reflection},
  author={Ploeg, Atze van der and Kiselyov, Oleg},
 booktitle = {Proceedings of the 2014 ACM SIGPLAN Symposium on Haskell},
  series = {Haskell '14},
   year = {2014},
    isbn = {978-1-4503-3041-1},
     location = {Gothenburg, Sweden},
      pages = {133--144},
       numpages = {12},
        x-url = {http://doi.acm.org/10.1145/2633357.2633360},
	 x-doi = {10.1145/2633357.2633360},
	  acmid = {2633360},
	   publisher = {ACM},
	    x-address = {New York, NY, USA},
	     keywords = {data structures, monads, performance, reflection},
	     }



@inproceedings{local:vandenbroucke2016fixing,
  title={Fixing non-determinism},
  author={Vandenbroucke, Alexander and Schrijvers, Tom and Piessens, Frank},
  booktitle={IFL 2015: Symposium on the implementation and application of functional programming languages Proceedings},
  number={27},
  year={2016},
  organization={Association for Computing Machinery}
}

@phdthesis{local:jaskelioff2009lifting,
  title={Lifting of operations in modular monadic semantics},
  author={Jaskelioff, Mauro Javier},
  year={2009},
  school={University of Nottingham}
}

@inproceedings{local:liang1995monad,
  title={Monad transformers and modular interpreters},
  author={Liang, Sheng and Hudak, Paul and Jones, Mark},
  booktitle={Proceedings of the 22nd ACM SIGPLAN-SIGACT symposium on Principles of programming languages},
  pages={333--343},
  year={1995},
  organization={ACM}
}

@incollection{local:kiselyov2012typed,
  title={Typed tagless final interpreters},
  author={Kiselyov, Oleg},
  booktitle={Generic and Indexed Programming},
  pages={130--174},
  year={2012},
  publisher={Springer}
}

@incollection{local:jones-book1995,
 author = {Jones, Neil D. and Nielson, Flemming},
 chapter = {Abstract Interpretation: A Semantics-based Tool for Program Analysis},
 title = {Handbook of Logic in Computer Science (Vol. 4)},
 editor = {Abramsky, S. and Gabbay, Dov M. and Maibaum, T. S. E.},
 year = {1995},
 isbn = {0-19-853780-8},
 pages = {527--636},
 numpages = {110},
 x-url = {http://dl.acm.org/citation.cfm?id=218623.218637},
 acmid = {218637},
 publisher = {Oxford University Press},
 address = {Oxford, UK},
} 
